@inproceedings{nefian:bayes_em,
   title={{A Bayesian Formulation for Subpixel Refinement in Stereo Orbital Imagery}},
   author={ Ara V. Nefian and Kyle Husmann and Michael Broxton and Mattew D. Hancher and Michael Lundy},
   booktitle = "to appear in the Proceedings of the 2009 IEEE International Conference on Image Processing",
   year = "2009"
}
